<record><leader>00000cas a22000007a 4500</leader><controlfield tag="001">11840035</controlfield><controlfield tag="008">850323d18491861vauwr ne      0    0eng d</controlfield><datafield ind1=" " ind2=" " tag="010"><subfield code="a">sn 85025669 </subfield></datafield><datafield ind1=" " ind2=" " tag="040"><subfield code="a">NPX</subfield><subfield code="b">eng</subfield><subfield code="c">NPX</subfield><subfield code="d">DLC</subfield><subfield code="d">WVC</subfield><subfield code="d">DLC</subfield><subfield code="d">WVC</subfield><subfield code="d">DLC</subfield><subfield code="d">NVK</subfield><subfield code="d">OCL</subfield><subfield code="d">NVK</subfield><subfield code="d">OCLCQ</subfield><subfield code="d">OCLCF</subfield><subfield code="d">OCLCO</subfield></datafield><datafield ind1="1" ind2=" " tag="029"><subfield code="a">AU@</subfield><subfield code="b">000025822503</subfield></datafield><datafield ind1=" " ind2=" " tag="042"><subfield code="a">msc</subfield></datafield><datafield ind1=" " ind2=" " tag="043"><subfield code="a">n-us-va</subfield></datafield><datafield ind1="0" ind2="0" tag="050"><subfield code="a">Newspaper 10028-X</subfield></datafield><datafield ind1="0" ind2=" " tag="130"><subfield code="a">Valley democrat (New Market, Va.)</subfield></datafield><datafield ind1="1" ind2="4" tag="245"><subfield code="a">The Valley Democrat.</subfield></datafield><datafield ind1="1" ind2="3" tag="246"><subfield code="a">Weekly valley Democrat</subfield><subfield code="f">&lt;Apr. 10, 1857&gt;-</subfield></datafield><datafield ind1=" " ind2=" " tag="260"><subfield code="a">New Market, Va. :</subfield><subfield code="b">D. Hedrik and G.W. Chambers</subfield></datafield><datafield ind1=" " ind2=" " tag="300"><subfield code="a">v. :</subfield><subfield code="b">ill. ;</subfield><subfield code="c">63 cm.</subfield></datafield><datafield ind1=" " ind2=" " tag="310"><subfield code="a">Weekly</subfield></datafield><datafield ind1="1" ind2=" " tag="362"><subfield code="a">Began with Dec. 8, 1849 issue; ceased in 1861?</subfield><subfield code="z">Cf. Gregory, W. Amer. newspapers.</subfield></datafield><datafield ind1=" " ind2=" " tag="500"><subfield code="a">Published at Harrisonburg, Va., &lt;1855&gt;-1861. Cf. Cappon, L.J. Va. newspapers.</subfield></datafield><datafield ind1=" " ind2=" " tag="500"><subfield code="a">Publisher varies: S.T. Walker &amp; M.M. Sibert &lt;Mar. 8, 1851&gt;; Samuel T. Walker &amp; Lemuel M. Rodeffer &lt;June 5, 1852&gt; Walker &amp; Newman, &lt;1853&gt;; Samuel T. Walker &lt;Jan. 20, 1860&gt;.</subfield></datafield><datafield ind1=" " ind2=" " tag="580"><subfield code="a">In Feb. 1861 Valley democrat (New Market, Va.) may have been absorbed by Rockingham register and advertiser (Harrisonburg, Va. : 1856). Cf. Shenandoah Press, Rockingham recorder, p. 52.</subfield></datafield><datafield ind1=" " ind2=" " tag="588"><subfield code="a">Description based on: Vol. 1, no. 8 (Jan. 26, 1850).</subfield></datafield><datafield ind1=" " ind2="0" tag="651"><subfield code="a">New Market (Va.)</subfield><subfield code="v">Newspapers.</subfield></datafield><datafield ind1=" " ind2="0" tag="651"><subfield code="a">Harrisonburg (Va.)</subfield><subfield code="v">Newspapers.</subfield></datafield><datafield ind1=" " ind2="7" tag="655"><subfield code="a">Newspapers.</subfield><subfield code="2">fast</subfield><subfield code="0">(OCoLC)fst01423814</subfield></datafield><datafield ind1=" " ind2="7" tag="651"><subfield code="a">Virginia</subfield><subfield code="z">Harrisonburg.</subfield><subfield code="2">fast</subfield><subfield code="0">(OCoLC)fst01224814</subfield></datafield><datafield ind1=" " ind2="7" tag="651"><subfield code="a">Virginia</subfield><subfield code="z">New Market.</subfield><subfield code="2">fast</subfield><subfield code="0">(OCoLC)fst01225031</subfield></datafield><datafield ind1=" " ind2=" " tag="752"><subfield code="a">United States</subfield><subfield code="b">Virginia</subfield><subfield code="d">Harrisonburg.</subfield></datafield><datafield ind1=" " ind2=" " tag="752"><subfield code="a">United States</subfield><subfield code="b">Virginia</subfield><subfield code="c">Shenandoah</subfield><subfield code="d">New Market.</subfield></datafield><datafield ind1="1" ind2="4" tag="785"><subfield code="t">Rockingham register and advertiser (Harrisonburg, Va. : 1856)</subfield><subfield code="w">(DLC)sn 85026961</subfield></datafield></record>